@book{bib:Thomas,
    author = {Thomas, Jr., George B.},
    title = {Calculus and Analytic Geometry},
    publisher = {Addison-Wesley Publishing Company},
    year = {1972},
    edition = {fourth},
    month = {June}
}